%% This BibTeX bibliography file was created using BibDesk.
%% http://bibdesk.sourceforge.net/

%% Created for Michael Nolan at 2018-02-14 11:20:22 -0500 


%% Saved with string encoding Unicode (UTF-8) 



@book{dspguide,
	Author = {Steven Smith},
	Date-Added = {2018-02-14 16:18:44 +0000},
	Date-Modified = {2018-02-14 16:20:09 +0000},
	Publisher = {California Technical Pub},
	Rating = {4},
	Read = {1},
	Title = {The Scientist and Engineer's Guide to Digital Signal Processing},
	Year = {1997}}
